@MISC{techsoftcenter:osi,
  author = {"fadil"},
  title = {OSI Models},
  year = {2018},
  note = {[Online; accessed 01.03.2022; avilable at \url{https://techsoftcenter.com/osi-model}]}
}

@MISC{wikipedia:ethernet_frame,
  author = {Wikipedia},
  title = {Ethernet frame},
  year = {2022},
  note = {[Online; accessed 02.03.2022; available at \url{https://en.wikipedia.org/wiki/Ethernet_frame}]}
}

@MISC{wikipedia:ipv4,
  author = {Wikipedia},
  title = {IPv4},
  year = {2022},
  note = {[Online; accessed 02.03.2022; available at \url{https://en.wikipedia.org/wiki/IPv4}]}
}

@MISC{wikipedia:ipv6,
  author = {Wikipedia},
  title = {IPv6},
  year = {2022},
  note = {[Online; accessed 02.03.2022; available at \url{https://en.wikipedia.org/wiki/IPv6}]}
}

@MISC{wikipedia:icmp,
  author = {Wikipedia},
  title = {Internet Control Message Protocol},
  year = {2022},
  note = {[Online; accessed 02.03.2022; available at \url{https://en.wikipedia.org/wiki/Internet_Control_Message_Protocol}]}
}

@MISC{wikipedia:arp,
  author = {Wikipedia},
  title = {Address Resolution Protocol},
  year = {2022},
  note = {[Online; accessed 02.03.2022; available at \url{https://en.wikipedia.org/wiki/Address_Resolution_Protocol}]}
}

@MISC{wikipedia:tcp,
  author = {Wikipedia},
  title = {Transmission Control Protocol},
  year = {2022},
  note = {[Online; accessed 02.03.2022; available at \url{https://en.wikipedia.org/wiki/Transmission_Control_Protocol}]}
}

@MISC{wikipedia:udp,
  author = {Wikipedia},
  title = {User Datagram Protocol},
  year = {2022},
  note = {[Online; accessed 02.03.2022; available at \url{https://en.wikipedia.org/wiki/User_Datagram_Protocol}]}
}
